@Article{makale:Ornek,
	author = {Örnek A. },
	title = {\emph{Küreselleþme Unsurlarý}},
	journal = {American Globalization Journal},
	year = {2019},
}


@Book{kitap:Minsky,
	author = {Minsky H.},
	title = {Finansal Ýstikrarsýzlýk},
	publisher = {Schumpeter Sevenler Dergisi},
	year = {2022},
}

@Book{kitap:Gujarati,
	author = {Gujarati D.},
	title = {Econometrics},
	publisher = {Econometrics Dergisi},
	year = {2012},
}

@Book{kitap:Karaman,
	author = {Karaman M.},
	title = {Finansal Baský},
	publisher = {Financial Dergisi},
	year = {2014},
} 